@article{scruby1987introduction,
  title={An introduction to acoustic emission},
  author={Scruby, Christopher B},
  journal={Journal of Physics E: Scientific Instruments},
  volume={20},
  number={8},
  pages={946},
  year={1987},
  publisher={IOP Publishing}
}

@article{salinas2010localization,
  title={Localization algorithm for acoustic emission},
  author={Salinas, V and Vargas, Y and Ruzzante, J and Gaete, L},
  journal={Physics Procedia},
  volume={3},
  number={1},
  pages={863--871},
  year={2010},
  publisher={Elsevier}
}
@article{ciampa2010acoustic,
  title={Acoustic emission source localization and velocity determination of the fundamental mode A0 using wavelet analysis and a Newton-based optimization technique},
  author={Ciampa, Francesco and Meo, Michele},
  journal={Smart Materials and Structures},
  volume={19},
  number={4},
  pages={045027},
  year={2010},
  publisher={IOP Publishing}
}

@inproceedings{kennedy1995particle,
  title={Particle swarm optimization},
  author={Kennedy, James and Eberhart, Russell},
  booktitle={Proceedings of ICNN'95-international conference on neural networks},
  volume={4},
  pages={1942--1948},
  year={1995},
  organization={IEEE}
}

@article{olsson1975nelder,
  title={The Nelder-Mead simplex procedure for function minimization},
  author={Olsson, Donald M and Nelson, Lloyd S},
  journal={Technometrics},
  volume={17},
  number={1},
  pages={45--51},
  year={1975},
  publisher={Taylor \& Francis}
}

@incollection{van1987simulated,
  title={Simulated annealing},
  author={Van Laarhoven, Peter JM and Aarts, Emile HL},
  booktitle={Simulated annealing: Theory and applications},
  pages={7--15},
  year={1987},
  publisher={Springer}
}